@inproceedings{Bonomi:2012:FCR:2342509.2342513,
 author = {Bonomi, Flavio and Milito, Rodolfo and Zhu, Jiang and Addepalli, Sateesh},
 title = {Fog Computing and Its Role in the Internet of Things},
 booktitle = {Proceedings of the First Edition of the MCC Workshop on Mobile Cloud Computing},
 series = {MCC '12},
 year = {2012},
 isbn = {978-1-4503-1519-7},
 location = {Helsinki, Finland},
 pages = {13--16},
 numpages = {4},
 publisher = {ACM},
 address = {New York, NY, USA},
} 
@article{DBLP:journals/ijbdi/NgokoCGJ15,
  author    = {Yanik Ngoko and
               Christophe C{\'{e}}rin and
               Paolo Gianessi and
               Congfeng Jiang},
  title     = {Energy-aware service provisioning in volunteers clouds},
  journal   = {{IJBDI}},
  volume    = {2},
  number    = {4},
  pages     = {262--284},
  year      = {2015},
  url       = {https://doi.org/10.1504/IJBDI.2015.072171},
  doi       = {10.1504/IJBDI.2015.072171},
}
@inproceedings{Anderson:2004:BSP:1032646.1033223,
 author = {Anderson, David P.},
 title = {BOINC: A System for Public-Resource Computing and Storage},
 booktitle = {Proceedings of the 5th IEEE/ACM International Workshop on Grid Computing},
 series = {GRID '04},
 year = {2004},
 isbn = {0-7695-2256-4},
 pages = {4--10},
 numpages = {7},
 publisher = {IEEE Computer Society},
 address = {Washington, DC, USA},
} 
@inproceedings{the-data-furnace-heating-up-with-cloud-computing,
author = {Liu, Jie and Goraczko, Michel and James, Sean and Belady, Christian and Lu, Jiakang and Whitehouse, Kamin},
title = {The Data Furnace: Heating Up with Cloud Computing},
booktitle = {},
year = {2011},
month = {June},
publisher = {USENIX},
address = {},
pages = {},
journal = {},
volume = {},
chapter = {},
isbn = {},
}
@inproceedings{DBLP:conf/europar/Ngoko16,
  author    = {Yanik Ngoko},
  title     = {Heating as a Cloud-Service, {A} Position Paper (Industrial Presentation)},
  booktitle = {Proceedings of Euro-Par 2016: International Conference Parallel and Distributed Computing},
  pages     = {389--401},
  year      = {August 2016},
  location = {Grenoble, France},
}

@article{Weiser:1999:CSC:329124.329126,
 author = {Weiser, Mark},
 title = {The Computer for the 21st Century},
 journal = {SIGMOBILE Mob. Comput. Commun. Rev.},
 issue_date = {July 1999},
 volume = {3},
 number = {3},
 month = jul,
 year = {1999},
 issn = {1559-1662},
 pages = {3--11},
 numpages = {9},
 publisher = {ACM},
 address = {New York, NY, USA},
} 

@article {GRL:GRL51023,
author = {Zhou, B. and Rybski, D. and Kropp, J. P.},
title = {On the statistics of urban heat island intensity},
journal = {Geophysical Research Letters},
volume = {40},
number = {20},
pages = {5486--5491},
year = {2013},
}

@article{DBLP:journals/jisa/NgokoGM13,
  author    = {Yanik Ngoko and
               Alfredo Goldman and
               Dejan S. Milojicic},
  title     = {Service selection in web service compositions optimizing energy consumption
               and service response time},
  journal   = {J. Internet Services and Applications},
  volume    = {4},
  number    = {1},
  pages     = {19:1--19:12},
  year      = {2013},
}

@misc{Rodgers,
    author = {Peter Rodgers},
    title = {Introduction to Resource-Oriented Computing},
    howpublished = {{\scriptsize \url{http://resources.1060research.com/docs/IntroductionToResourceOrientedComputing-1.pdf}}},
    note = {Online; accessed 26 Febuary 2018},
}

@inproceedings{DBLP:conf/ipps/DurandNC17,
  author    = {Amaury Durand and
               Yanik Ngoko and
               Christophe C{\'{e}}rin},
  title     = {Distributed and in-Situ Machine Learning for Smart-Homes and Buildings:
               Application to Alarm Sounds Detection},
  booktitle = {2017 {IEEE} International Parallel and Distributed Processing Symposium
               Workshops, {IPDPS} Workshops 2017, Orlando / Buena Vista, FL, USA,
               May 29 - June 2, 2017},
  pages     = {429--432},
  year      = {2017},
}

@misc{Schneider,
    author = {Victor Avelar},
    title = {Practical Options for Deploying Small Server Rooms and Micro Data Centers},
    howpublished = {Schneider electric, white paper 174},
    note = {Online; accessed 26 Febuary 2018},
}

@inproceedings{LeSueur:2010:DVF:1924920.1924921,
 author = {Le Sueur, Etienne and Heiser, Gernot},
 title = {Dynamic Voltage and Frequency Scaling: The Laws of Diminishing Returns},
 booktitle = {Proceedings of the 2010 International Conference on Power Aware Computing and Systems},
 series = {HotPower'10},
 year = {2010},
 location = {Vancouver, BC, Canada},
 pages = {1--8},
 publisher = {USENIX Association},
 address = {Berkeley, CA, USA},
} 

@incollection{DBLP:reference/crc/DutotMT04,
  author    = {Pierre{-}Fran{\c{c}}ois Dutot and
               Gr{\'{e}}gory Mouni{\'{e}} and
               Denis Trystram},
  title     = {Scheduling Parallel Tasks Approximation Algorithms},
  booktitle = {Handbook of Scheduling - Algorithms, Models, and Performance Analysis.},
  year      = {2004},
}


@INPROCEEDINGS{Offloading7888775, 
author={P. Sermpezis and T. Spyropoulos}, 
booktitle={2017 13th Annual Conference on Wireless On-demand Network Systems and Services (WONS)}, 
title={Offloading on the edge: Performance and cost analysis of local data storage and offloading in HetNets}, 
year={2017}, 
volume={}, 
number={}, 
pages={49-56}, 
month={Feb},}

@inproceedings{Murray:2010:CCC:1851322.1851334,
 author = {Murray, Derek G. and Yoneki, Eiko and Crowcroft, Jon and Hand, Steven},
 title = {The Case for Crowd Computing},
 booktitle = {Proceedings of the Second ACM SIGCOMM Workshop on Networking, Systems, and Applications on Mobile Handhelds},
 series = {MobiHeld '10},
 year = {2010},
 location = {New Delhi, India},
 pages = {39--44},
 publisher = {ACM},
 address = {New York, NY, USA},
} 

@article{ABBASI20072826,
title = "A survey on clustering algorithms for wireless sensor networks",
journal = "Computer Communications",
volume = "30",
number = "14",
pages = "2826 - 2841",
year = "2007",
note = "Network Coverage and Routing Schemes for Wireless Sensor Networks",
author = "Ameer Ahmed Abbasi and Mohamed Younis",
}

@article{Underwood:2016:BBB:3013530.2994581,
 author = {Underwood, Sarah},
 title = {Blockchain Beyond Bitcoin},
 journal = {Commun. ACM},
 volume = {59},
 number = {11},
 month = oct,
 year = {2016},
 pages = {15--17},
 publisher = {ACM},
 address = {New York, NY, USA},
} 

@inproceedings{Barker:2017:SLP:3102304.3102348,
 author = {Barker, Peter and Hammoudeh, Mohammad},
 title = {A Survey on Low Power Network Protocols for the Internet of Things and Wireless Sensor Networks},
 booktitle = {Proceedings of the International Conference on Future Networks and Distributed Systems},
 series = {ICFNDS '17},
 year = {2017},
 pages = {44:1--44:8},
 publisher = {ACM},
 address = {New York, NY, USA},
} 

@article{DBLP:journals/corr/abs-1711-09123,
  author    = {Rajkumar Buyya and
               Satish Narayana Srirama and
               Giuliano Casale and
               Rodrigo N. Calheiros and
               Yogesh Simmhan and
               Blesson Varghese and
               Erol Gelenbe and
               Bahman Javadi and
               Luis Miguel Vaquero and
               Marco A. S. Netto and
               Adel Nadjaran Toosi and
               Maria Alejandra Rodriguez and
               Ignacio Mart{\'{\i}}n Llorente and
               Sabrina De Capitani di Vimercati and
               Pierangela Samarati and
               Dejan S. Milojicic and
               Carlos A. Varela and
               Rami Bahsoon and
               Marcos Dias de Assun{\c{c}}{\~{a}}o and
               Omer F. Rana and
               Wanlei Zhou and
               Hai Jin and
               Wolfgang Gentzsch and
               Albert F. Zomaya and
               Haiying Shen},
  title     = {A Manifesto for Future Generation Cloud Computing: Research Directions
               for the Next Decade},
  journal   = {CoRR},
  volume    = {abs/1711.09123},
  year      = {2017},
  url       = {http://arxiv.org/abs/1711.09123},
}

@article {CPE:CPE1378,
author = {Pascual, Fanny and Rzadca, Krzysztof and Trystram, Denis},
title = {Cooperation in multi-organization scheduling},
journal = {Concurrency and Computation: Practice and Experience},
volume = {21},
number = {7},
publisher = {John Wiley & Sons, Ltd.},
issn = {1532-0634},
doi = {10.1002/cpe.1378},
pages = {905--921},
year = {2009},
}

@ARTICLE{RePEc:eee:appene:v:95:y:2012:i:c:p:102-110,
title = {Influence of air conditioning management on heat island in Paris air street temperatures},
author = {Tremeac, Brice and Bousquet, Pierre and de Munck, Cecile and Pigeon, Gregoire and Masson, Valery and Marchadier, Colette and Merchat, Michele and Poeuf, Pierre and Meunier, Francis},
year = {2012},
journal = {Applied Energy},
volume = {95},
number = {C},
pages = {102-110},
}


